<?xml version="1.0" encoding="utf-8"?>

  <record>
    <leader>01466nas a2200385 i 4500</leader>
    <controlfield tag="001">on1105812749</controlfield>
    <controlfield tag="003">OCoLC</controlfield>
    <controlfield tag="005">20190627112723.0</controlfield>
    <controlfield tag="006">m o d</controlfield>
    <controlfield tag="007">cr bn|||||||||</controlfield>
    <controlfield tag="008">190626d18951895oruwr neo 0 0eng c</controlfield>
    <datafield tag="010" ind1="" ind2="">
      <subfield code="a">2019260079</subfield>
    </datafield>
    <datafield tag="040" ind1="" ind2="">
      <subfield code="a">ORU</subfield>
      <subfield code="b">eng</subfield>
      <subfield code="e">rda</subfield>
      <subfield code="e">pn</subfield>
      <subfield code="c">ORU</subfield>
    </datafield>
    <datafield tag="035" ind1="" ind2="">
      <subfield code="a">(OCoLC)1105812749</subfield>
    </datafield>
    <datafield tag="042" ind1="" ind2="">
      <subfield code="a">pcc</subfield>
    </datafield>
    <datafield tag="043" ind1="" ind2="">
      <subfield code="a">n-us-or</subfield>
    </datafield>
    <datafield tag="049" ind1="" ind2="">
      <subfield code="a">ORUM</subfield>
    </datafield>
    <datafield tag="245" ind1="0" ind2="0">
      <subfield code="a">Cottage Grove and Lemati leader.</subfield>
    </datafield>
    <datafield tag="260" ind1="" ind2="">
      <subfield code="a">Cottage Grove, Lane County, Oregon :</subfield>
      <subfield code="b">E.P. Thorp,</subfield>
      <subfield code="c">1895.</subfield>
    </datafield>
    <datafield tag="300" ind1="" ind2="">
      <subfield code="a">1 online resource</subfield>
    </datafield>
    <datafield tag="310" ind1="" ind2="">
      <subfield code="a">Weekly</subfield>
    </datafield>
    <datafield tag="336" ind1="" ind2="">
      <subfield code="a">text</subfield>
      <subfield code="b">txt</subfield>
      <subfield code="2">rdacontent</subfield>
    </datafield>
    <datafield tag="337" ind1="" ind2="">
      <subfield code="a">computer</subfield>
      <subfield code="b">c</subfield>
      <subfield code="2">rdamedia</subfield>
    </datafield>
    <datafield tag="338" ind1="" ind2="">
      <subfield code="a">online resource</subfield>
      <subfield code="b">cr</subfield>
      <subfield code="2">rdacarrier</subfield>
    </datafield>
    <datafield tag="362" ind1="1" ind2="">
      <subfield code="a">Began with Vol. 7, no. 24 (November 16, 1895), ceased with Vol. 7, No. 3 (November 30, 1895).</subfield>
    </datafield>
    <datafield tag="530" ind1="" ind2="">
      <subfield code="a">Also issued on microfilm from University of Oregon.</subfield>
    </datafield>
    <datafield tag="588" ind1="" ind2="">
      <subfield code="a">Description based print version record.</subfield>
    </datafield>
    <datafield tag="588" ind1="" ind2="">
      <subfield code="a">Latest issue consulted: Vol. 7, No. 3 (November 30, 1895) (University of Oregon, Historic Oregon Newspapers, viewed June 26, 2019).</subfield>
    </datafield>
    <datafield tag="651" ind1="" ind2="0">
      <subfield code="a">Cottage Grove (Or.)</subfield>
      <subfield code="v">Newspapers.</subfield>
    </datafield>
    <datafield tag="655" ind1="" ind2="7">
      <subfield code="a">Newspapers.</subfield>
      <subfield code="2">lcgft</subfield>
    </datafield>
    <datafield tag="752" ind1="" ind2="">
      <subfield code="a">United States</subfield>
      <subfield code="b">Oregon</subfield>
      <subfield code="c">Lane</subfield>
      <subfield code="d">Cottage Grove.</subfield>
    </datafield>
    <datafield tag="776" ind1="0" ind2="8">
      <subfield code="i">Print version:</subfield>
      <subfield code="t">Cottage Grove and Lemati leader</subfield>
      <subfield code="w">(DLC) 2019260078</subfield>
      <subfield code="w">(OCoLC)1105811153</subfield>
    </datafield>
    <datafield tag="780" ind1="0" ind2="0">
      <subfield code="t">Cottage Grove and Lemati echo=leader</subfield>
    </datafield>
    <datafield tag="785" ind1="0" ind2="0">
      <subfield code="t">Leader (Cottage Grove, Or.)</subfield>
      <subfield code="w">(DLC) 2019260074</subfield>
      <subfield code="w">(OCoLC)1100422458</subfield>
    </datafield>
    <datafield tag="994" ind1="" ind2="">
      <subfield code="a">C0</subfield>
      <subfield code="b">ORU</subfield>
    </datafield>
  </record>

